<?xml version="1.0" encoding="UTF-8"?><collection xmlns="http://www.loc.gov/MARC21/slim"><record><leader>00431nam--2200145-i-4500</leader><controlfield tag="001">000016852</controlfield><controlfield tag="002">20161230</controlfield><controlfield tag="005">20161230201032</controlfield><controlfield tag="008">060222s1000------------r-----000-0-eng-d</controlfield><datafield ind1=" " ind2=" " tag="080"><subfield code="a">515.17(043)</subfield></datafield><datafield ind1=" " ind2=" " tag="100"><subfield code="a">Bensimon, Daniela</subfield></datafield><datafield ind1=" " ind2=" " tag="245"><subfield code="a">Der topolofische raum aller extremalpunkte ein er kompakten konvexen menge.dissertation</subfield></datafield><datafield ind1=" " ind2=" " tag="260"><subfield code="a">Berlin, Universitat, 1987. 87 P</subfield></datafield><datafield ind1=" " ind2=" " tag="852"><subfield code="a">78828</subfield><subfield code="c">513.83</subfield></datafield><datafield ind1=" " ind2=" " tag="CAT"><subfield code="a">Sys</subfield><subfield code="c">20080610</subfield><subfield code="h">084447</subfield></datafield></record></collection>